<record><leader>00000cas a22000007a 4500</leader><controlfield tag="001">41408068</controlfield><controlfield tag="008">990521d19841984tnuir ne      0    0eng d</controlfield><datafield ind1=" " ind2=" " tag="010"><subfield code="a">sn 99065830 </subfield></datafield><datafield ind1=" " ind2=" " tag="040"><subfield code="a">TGN</subfield><subfield code="b">eng</subfield><subfield code="c">TGN</subfield><subfield code="d">OCLCF</subfield><subfield code="d">OCLCO</subfield></datafield><datafield ind1=" " ind2=" " tag="042"><subfield code="a">msc</subfield></datafield><datafield ind1="0" ind2="4" tag="245"><subfield code="a">The mountain press, Gatlinburg press edition.</subfield></datafield><datafield ind1="3" ind2="0" tag="246"><subfield code="a">Mountain press</subfield></datafield><datafield ind1="3" ind2="0" tag="246"><subfield code="a">Gatlinburg press</subfield></datafield><datafield ind1=" " ind2=" " tag="260"><subfield code="a">Sevierville, Tenn. :</subfield><subfield code="b">Mountain press,</subfield><subfield code="c">1984.</subfield></datafield><datafield ind1=" " ind2=" " tag="300"><subfield code="a">v.</subfield></datafield><datafield ind1=" " ind2=" " tag="310"><subfield code="a">Three times a week</subfield></datafield><datafield ind1="0" ind2=" " tag="362"><subfield code="a">No. 480 (Jan. 16, 1984)-no. 505 (Mar. 26, 1984) ; v. 1-84, no. 38 (Mar. 28, 1984)-v. 4-84, no. 2 (Oct. 3, 1984).</subfield></datafield><datafield ind1=" " ind2=" " tag="580"><subfield code="a">Merged with: Mountain press, news-record edition, to form: Mountain press (Sevierville, Tenn. : 1984).</subfield></datafield><datafield ind1=" " ind2="0" tag="651"><subfield code="a">Sevierville (Tenn.)</subfield><subfield code="v">Newspapers.</subfield></datafield><datafield ind1=" " ind2="0" tag="651"><subfield code="a">Gatlinburg (Tenn.)</subfield><subfield code="v">Newspapers.</subfield></datafield><datafield ind1=" " ind2="0" tag="651"><subfield code="a">Sevier County (Tenn.)</subfield><subfield code="v">Newspapers.</subfield></datafield><datafield ind1=" " ind2="7" tag="655"><subfield code="a">Newspapers.</subfield><subfield code="2">fast</subfield><subfield code="0">(OCoLC)fst01423814</subfield></datafield><datafield ind1=" " ind2="7" tag="651"><subfield code="a">Tennessee</subfield><subfield code="z">Gatlinburg.</subfield><subfield code="2">fast</subfield><subfield code="0">(OCoLC)fst01208259</subfield></datafield><datafield ind1=" " ind2="7" tag="651"><subfield code="a">Tennessee</subfield><subfield code="z">Sevier County.</subfield><subfield code="2">fast</subfield><subfield code="0">(OCoLC)fst01223224</subfield></datafield><datafield ind1=" " ind2="7" tag="651"><subfield code="a">Tennessee</subfield><subfield code="z">Sevierville.</subfield><subfield code="2">fast</subfield><subfield code="0">(OCoLC)fst01227763</subfield></datafield><datafield ind1=" " ind2=" " tag="752"><subfield code="a">United States</subfield><subfield code="b">Tennessee</subfield><subfield code="c">Sevier</subfield><subfield code="d">Sevierville.</subfield></datafield><datafield ind1=" " ind2=" " tag="752"><subfield code="a">United States</subfield><subfield code="b">Tennessee</subfield><subfield code="c">Sevier</subfield><subfield code="d">Gatlinburg.</subfield></datafield><datafield ind1="0" ind2="0" tag="780"><subfield code="t">Gatlinburg press (Pigeon Forge, Tenn. : 1981)</subfield><subfield code="w">(DLC)sn 99065831</subfield></datafield><datafield ind1="1" ind2="7" tag="785"><subfield code="t">Mountain press, news-record edition</subfield><subfield code="w">(DLC)sn 8405966</subfield></datafield><datafield ind1="1" ind2="7" tag="785"><subfield code="t">Mountain press (Sevierville, Tenn. : 1984)</subfield><subfield code="w">(DLC)sn 87-787</subfield></datafield></record>